@manual{WaterfallModel,
      title  = "Vandfaldsmodellen",
      author = "Lederinsigt.dk",
      url    = "https://lederindsigt.dk/begreber/ledelsesbegreber/v/vandfaldsmodellen-waterfall-model",
      year   = "År: Ukendt (Tilgået oktober 2020)"
    }

@manual{AgileManifesto,
      title  = "The Agile Manifesto",
      author = "Beetle, M. et al.",
      url    = "https://agilemanifesto.org/",
      year   = "2001 (Tilgået oktober 2020)"
    }

@manual{ScrumArchitecture,
      title  = "What Is Software Architecture in Scrum?",
      author = "Pablo Cruz Navea",
      url    = "https://dzone.com/articles/what-is-software-architecture-in-scrum",
      year   = "2017 (Tilgået december 2020)"
    }

@manual{Kanban,
      title  = "Kanban - A Brief Introduction",
      author = "Dan Radigan",
      url    = "https://www.atlassian.com/agile/kanban",
      year   = "(Tilgået december 2020)"
    }
