@BOOK{Mittelbach2005,
  author = {Frank Mittelbach},
  edition = {2. ed.},
  publisher = {Addison-Wesley},
  title = {The LATEX companion},
  year = 2005
}

@manual{MSOC,
      title  = "Optimistic Concurrency",
      author = "Microsoft",
      url    = "https://docs.microsoft.com/en-us/sql/odbc/reference/develop-app/optimistic-concurrency?view=sql-server-ver15",
    }